@misc{PaX,
 author = {{PaX Team}},
 title = {PaX address space layout randomization ({ASLR})},
 howpublished = {\url{http://pax.grsecurity.net/docs/aslr.txt}}
}

@inproceedings{ShachamEtAl,
 author = {Shacham, Hovav and Page, Matthew and Pfaff, Ben and Goh, Eu-Jin and Modadugu, Nagendra and Boneh, Dan},
 title = {On the effectiveness of address-space randomization},
 booktitle = {Proceedings of the 11th ACM conference on Computer and communications security},
 series = {CCS '04},
 year = {2004},
 isbn = {1-58113-961-6},
 location = {Washington DC, USA},
 pages = {298--307},
 numpages = {10},
 url = {http://doi.acm.org/10.1145/1030083.1030124},
 doi = {10.1145/1030083.1030124},
 acmid = {1030124},
 publisher = {ACM},
 address = {New York, NY, USA},
 keywords = {address-space randomization, automated attacks, diversity},
} 

@misc{Eckhardt,
 author = {Eckhardt, David},
 title = {Virtual Memory},
 howpublished = {\url{http://www.cs.cmu.edu/afs/cs/academic/class/15213-s08/www/lectures/class16.pdf}}
}

@inproceedings{Maurer,
 author = {Maurer, Matthew},
 booktitle = {Proceedings of the 6th ACH conference on Special Interest Group on
 Harry Quechua Bovik},
 series = {SIGBOVIK '12},
 year = {2012},
 title = {The effect of the long-tail distribution on system performance evaluations},
 publisher = {ACH},
 address = {Pittsburgh, PA, USA},
}

@inproceedings{Angiuli,
 author = {Angiuli, Carlo},
 booktitle = {Proceedings of the 6th ACH conference on Special Interest Group on
 Harry Qwerty Bovik},
 series = {SIGBOVIK '12},
 year = {2012},
 title = {Address space content randomization: exploit mitigation through data randomization},
 publisher = {ACH},
 address = {Pittsburgh, PA, USA},
}

@misc{Colobus,
 author = {{Brookfield Zoo}},
 title = {Field Guide -- Colobus Monkey},
 howpublished = {\url{http://www.brookfieldzoo.org/pagegen/htm/fix/fg/fg_body.asp?sAnimal=colobus+monkey}}
}
