@article{landin66,
 author = {Landin, P. J.},
 title = {The Next 700 Programming Languages},
 journal = {Commun. ACM},
 issue_date = {March 1966},
 volume = {9},
 number = {3},
 month = mar,
 year = {1966},
 issn = {0001-0782},
 pages = {157--166},
 numpages = {10},
 url = {http://doi.acm.org/10.1145/365230.365257},
 doi = {10.1145/365230.365257},
 acmid = {365257},
 publisher = {ACM},
 address = {New York, NY, USA},
}

@article{noyes83,
title = "The {QWERTY} keyboard: a review",
journal = "International Journal of Man-Machine Studies",
volume = "18",
number = "3",
pages = "265--281",
year = "1983",
issn = "0020-7373",
doi = "http://dx.doi.org/10.1016/S0020-7373(83)80010-8",
url = "http://www.sciencedirect.com/science/article/pii/S0020737383800108",
author = "Jan Noyes",
}

@article{reynolds83,
  author = {Reynolds, John C.},
  title = {Types, abstraction, and parametric polymorphism},
  journal = {Information Processing},
  pages = {513--523},
  year = 1983,
}

@inproceedings{wadler89,
 author = {Wadler, Philip},
 title = {Theorems for Free!},
 booktitle = {Proceedings of the Fourth International Conference on Functional Programming Languages and Computer Architecture},
 series = {FPCA '89},
 year = {1989},
 isbn = {0-89791-328-0},
 location = {Imperial College, London, United Kingdom},
 pages = {347--359},
 numpages = {13},
 url = {http://doi.acm.org/10.1145/99370.99404},
 doi = {10.1145/99370.99404},
 acmid = {99404},
 publisher = {ACM},
 address = {New York, NY, USA},
}

@article{matthews13,
  author = {Matthews, Dylan},
  title = {Michael Castle: Unsuspecting godfather of the \$1 trillion coin solution},
  journaltitle = {The Washington Post},
  url = {https://www.washingtonpost.com/news/wonk/wp/2013/01/04/michael-castle-unsuspecting-godfather-of-the-1-trillion-coin-solution},
  month = {Jan},
  year = {2013},
}

@book{aquinas,
  author = {Aquinas, Thomas},
  title = {Summa Theologi\ae},
  year = {1274},
}

@book{brown00,
  author = {Brown, Dan},
  year = {2000},
  title = {Angels \& Demons},
  address = {New York},
  publisher = {Simon and Schuster},
  isbn = {978-0-7434-1239-1},
}
