@inproceedings{HofmannStreicher,
  author = {Martin Hofmann and Thomas Streicher},
  title = {The groupoid interpretation of type theory},
  booktitle = {Twenty-five years of constructive type theory},
  year = {1998},
  publisher = {Oxford University Press},
}

@misc{HoTT,
  title = {Homotopy Type Theory website},
  howpublished = {\url{http://www.homotopytypetheory.org}},
  year = {2011},
}

@misc{HoTTBook,
  author = {{Univalent Foundations Program}},
  title = {The {HoTT} {B}ook},
  howpublished = {\url{http://github.com/hott/book}},
  year = {in progress},
}

@inproceedings{Hofmann,
  author = {Martin Hofmann},
  title = {Syntax and Semantics of Dependent Types},
  booktitle = {Semantics and Logics of Computation},
  year = {1997},
  pages = {79--130},
  publisher = {Cambridge University Press}
}

@misc{KapulkinLumsdaineVoevodsky,
  author = {Kapulkin, Chris and Lumsdaine, Peter L. and Voevodsky, Vladimir},
  title = {The simplicial model of univalent foundations},
  howpublished = {\url{http://arxiv.org/abs/1211.2851}},
  day = {12},
  month = nov,
  year = {2012},
}

@inproceedings{Warren,
  author = {Michael Warren},
  title = {The strict {$\omega$}-groupoid interpretation of type theory},
  booktitle = {Models, Logics and Higher-Dimensional Categories},
  publisher = {Amer. Math. Soc.},
  series = {CRM Proc. Lecture Notes 53},
  year = {2011},
  pages = {291--340},
}

@inproceedings{Simmons,
  author = {Simmons, Robert J.},
  title = {A non-judgmental reconstruction of drunken logic},
  booktitle = {The 6th Biarennial Workshop about Symposium on Robot Dance Party
  of Conference in Celebration of Harry Q. Bovik's 0x40th Birthday},
  year = {2007},
}

@misc{Falso,
  author = {Amarilli, Antoine},
  title = {Falso},
  howpublished = {\url{http://www.eleves.ens.fr/home/amarilli/falso/}},
}
