@inproceedings{MartinLof85,
 author = {Martin-L\"{o}f, P.},
 title = {Constructive Mathematics and Computer Programming},
 booktitle = {Proc. Of a Discussion Meeting of the Royal Society of London on Mathematical Logic and Programming Languages},
 year = {1985},
 isbn = {0-13-561465-1},
 location = {London, United Kingdom},
 pages = {167--184},
 numpages = {18},
 url = {http://dl.acm.org/citation.cfm?id=3721.3731},
 acmid = {3731},
 publisher = {Prentice-Hall, Inc.},
 address = {Upper Saddle River, NJ, USA},
} 

@book{Aristotle40,
 author = {Aristotle},
 note = {Ed. Andronicus of Rhodes},
 title = {The Organon},
 year = {40 B.C.}
}
